<collection xmlns="http://www.loc.gov/MARC21/slim">
<record>
  <leader>01581nam0a22002411i 450 </leader>
  <controlfield tag="001">IT\ICCU\CNCE\050476</controlfield>
  <controlfield tag="005">20080627000000.0</controlfield>
  <datafield tag="012" ind1=" " ind2=" ">
    <subfield code="a">e-er e.si a:ci acVO (C) 1550 (R)</subfield>
    <subfield code="2">fei</subfield>
  </datafield>
  <datafield tag="100" ind1=" " ind2=" ">
    <subfield code="a">20000121d1550        0itac0103    ba</subfield>
  </datafield>
  <datafield tag="101" ind1=" " ind2=" ">
    <subfield code="a">ITA</subfield>
  </datafield>
  <datafield tag="102" ind1=" " ind2=" ">
    <subfield code="a">IT</subfield>
  </datafield>
  <datafield tag="200" ind1="1" ind2=" ">
    <subfield code="a">Manifesto de le cose occorse tra il signor fra don Fabritio Pignatelli, Bagliuo di santa Euphemia, e &apos;l signor Cesare Pignatelli. Dopo il quale si leggono le seguenti scritture. Una dell&apos;illustriss. et eccellentiss. s. Ferrando Gonzaga una dechiaratione dell&apos;illustriss. et eccellentiss. s. duca di Castro una littera dell&apos;illustriss. s. Scipione Ursino, in risposta d&apos;una di detto s. don Fabritio. Un&apos;altra littera dell&apos;illust. s. Alessandro Vitelli, risponsiua al medesimo. Allegationi del Mutio. Allegationi  dell&apos;Altiato. Allegationi del Gabriello. Allegationi del Schizza. Allegationi del Claro</subfield>
  </datafield>
  <datafield tag="210" ind1=" " ind2=" ">
    <subfield code="a">Napoli</subfield>
    <subfield code="c">appresso Gio. Paulo Suganappo</subfield>
    <subfield code="d">1550</subfield>
  </datafield>
  <datafield tag="215" ind1=" " ind2=" ">
    <subfield code="a">\86! c.</subfield>
    <subfield code="d">8ʻ</subfield>
  </datafield>
  <datafield tag="620" ind1=" " ind2=" ">
    <subfield code="a">IT</subfield>
    <subfield code="d">Napoli</subfield>
  </datafield>
  <datafield tag="712" ind1="0" ind2="0">
    <subfield code="a">Suganappo, Giovanni Paolo</subfield>
    <subfield code="3">IT\ICCU\CNCT\000922</subfield>
    <subfield code="4">650</subfield>
  </datafield>
  <datafield tag="791" ind1="0" ind2="0">
    <subfield code="a">Sugganappo, Giovanni Paolo</subfield>
    <subfield code="3">IT\ICCU\CNCT\005756</subfield>
    <subfield code="z">Suganappo, Giovanni Paolo</subfield>
  </datafield>
  <datafield tag="791" ind1="0" ind2="0">
    <subfield code="a">Suganappus, Ioannes Paulus</subfield>
    <subfield code="3">IT\ICCU\CNCT\005757</subfield>
    <subfield code="z">Suganappo, Giovanni Paolo</subfield>
  </datafield>
  <datafield tag="791" ind1="0" ind2="0">
    <subfield code="a">Sugganappus, Ioannes Paulus</subfield>
    <subfield code="3">IT\ICCU\CNCT\005758</subfield>
    <subfield code="z">Suganappo, Giovanni Paolo</subfield>
  </datafield>
  <datafield tag="791" ind1="0" ind2="0">
    <subfield code="a">Suganappis, Ioannes Paulus de</subfield>
    <subfield code="3">IT\ICCU\CNCT\005759</subfield>
    <subfield code="z">Suganappo, Giovanni Paolo</subfield>
  </datafield>
  <datafield tag="801" ind1=" " ind2="3">
    <subfield code="a">IT</subfield>
    <subfield code="b">ICCU</subfield>
    <subfield code="c">20201115</subfield>
  </datafield>
  <datafield tag="899" ind1=" " ind2=" ">
    <subfield code="a">Biblioteca nazionale Vittorio Emanuele III. Napoli</subfield>
    <subfield code="1">NA0079</subfield>
    <subfield code="2">NAP BN</subfield>
  </datafield>
  <datafield tag="899" ind1=" " ind2=" ">
    <subfield code="a">Biblioteca universitaria. Pisa</subfield>
    <subfield code="1">PI0112</subfield>
    <subfield code="2">PIS R1</subfield>
  </datafield>
</record>
</collection>
